@ARTICLE{Ku18,
   author = {{Kunwar}, S.},
    title = "{Malaria Detection Using Image Processing and Machine Learning}",
  journal = {ArXiv e-prints},
archivePrefix = "arXiv",
   eprint = {1801.10031},
 keywords = {Electrical Engineering and Systems Science - Image and Video Processing, Computer Science - Computer Vision and Pattern Recognition},
     year = 2018,
    month = jan,
   adsurl = {http://adsabs.harvard.edu/abs/2018arXiv180110031K},
  adsnote = {Provided by the SAO/NASA Astrophysics Data System}
}
@article{Ug10:AML,
 author = {Ugwu, C. and Onyejegbu, N. L and Obagbuwa, I. C},
 title = {The Application of Machine Learning Technique for Malaria Diagnosis},
 journal = {Int. J. Green Comput.},
 issue_date = {January 2010},
 volume = {1},
 number = {1},
 month = jan,
 year = {2010},
 issn = {1948-5018},
 pages = {68--77},
 numpages = {10},
 url = {http://dx.doi.org/10.4018/jgc.2010010107},
 doi = {10.4018/jgc.2010010107},
 acmid = {2603894},
 publisher = {IGI Global},
 address = {Hershey, PA, USA},
 keywords = {Artificial Intelligence, Decision Tree, Diagnosis, Machine Learning, Prognosis},
}

@article{Sav125,
title = "Automatic System for Classification of Erythrocytes Infected with Malaria and Identification of Parasite's Life Stage",
journal = "Procedia Technology",
volume = "6",
pages = "405 - 410",
year = "2012",
note = "2nd International Conference on Communication, Computing &amp; Security [ICCCS-2012]",
issn = "2212-0173",
doi = "https://doi.org/10.1016/j.protcy.2012.10.048",
url = "http://www.sciencedirect.com/science/article/pii/S2212017312005932",
author = "S.S. Savkare and S.P. Narote",
keywords = "OTSU's threshold, Watershed Transform, Feature Extraction, SVM classifier"
} 
